<?xml version="1.0" encoding="UTF-8"?><collection xmlns="http://www.loc.gov/MARC21/slim"><record><leader>00511nam--2200181-u-4500</leader><controlfield tag="001">000051240</controlfield><controlfield tag="002">20161230</controlfield><controlfield tag="005">20161230201049</controlfield><controlfield tag="008">080605s1000------------r-----000-0-eng-d</controlfield><datafield ind1=" " ind2=" " tag="040"><subfield code="a">IFIN-HH</subfield></datafield><datafield ind1=" " ind2=" " tag="080"><subfield code="a">513.83</subfield></datafield><datafield ind1="1" ind2=" " tag="100"><subfield code="a">Gottschalk,Walter Helbig and Hedlund,Gustav Arnold</subfield></datafield><datafield ind1="1" ind2="0" tag="245"><subfield code="a">Topological Dynamics</subfield></datafield><datafield ind1=" " ind2=" " tag="260"><subfield code="a">Providence</subfield><subfield code="b">American Mathematical Society</subfield><subfield code="c">1955</subfield></datafield><datafield ind1=" " ind2=" " tag="300"><subfield code="a">151 p</subfield></datafield><datafield ind1=" " ind2=" " tag="490"><subfield code="a">American Mathematical Society</subfield><subfield code="v">Vol.XXXVI</subfield></datafield><datafield ind1=" " ind2=" " tag="852"><subfield code="a">12180</subfield><subfield code="c">513.83</subfield></datafield><datafield ind1=" " ind2=" " tag="CAT"><subfield code="a">Sys</subfield><subfield code="c">20080605</subfield><subfield code="h">103207</subfield></datafield></record></collection>